<record><leader>00000cas a2200000 a 4500</leader><controlfield tag="001">812466284</controlfield><controlfield tag="008">121010c20129999laudr ne      0   a0eng c</controlfield><datafield ind1=" " ind2=" " tag="010"><subfield code="a">  2012237003</subfield></datafield><datafield ind1=" " ind2=" " tag="040"><subfield code="a">LRU</subfield><subfield code="b">eng</subfield><subfield code="c">LRU</subfield><subfield code="d">OCLCF</subfield></datafield><datafield ind1=" " ind2=" " tag="037"><subfield code="b">Capital City Press, 525 Lafayette St., Baton Rouge, LA 70802-5494</subfield></datafield><datafield ind1=" " ind2=" " tag="042"><subfield code="a">pcc</subfield></datafield><datafield ind1=" " ind2=" " tag="043"><subfield code="a">n-us-la</subfield></datafield><datafield ind1="0" ind2="0" tag="050"><subfield code="a">Newspaper</subfield></datafield><datafield ind1="0" ind2=" " tag="130"><subfield code="a">Advocate (Baton Rouge, La. : Daily New Orleans ed.)</subfield></datafield><datafield ind1="1" ind2="4" tag="245"><subfield code="a">The advocate.</subfield></datafield><datafield ind1=" " ind2=" " tag="250"><subfield code="a">Daily New Orleans ed.</subfield></datafield><datafield ind1=" " ind2=" " tag="260"><subfield code="a">Baton Rouge, La. :</subfield><subfield code="b">Capital City Press,</subfield><subfield code="c">2012-</subfield></datafield><datafield ind1=" " ind2=" " tag="300"><subfield code="a">v.</subfield></datafield><datafield ind1=" " ind2=" " tag="310"><subfield code="a">Daily</subfield></datafield><datafield ind1="1" ind2=" " tag="362"><subfield code="a">Began with 88th year, no. 86 (Sept. 24, 2012).</subfield></datafield><datafield ind1=" " ind2=" " tag="530"><subfield code="a">Selected articles available in online version: The advocate online.</subfield></datafield><datafield ind1=" " ind2=" " tag="588"><subfield code="a">Description based on: 88th year, no. 86 (Sept. 24, 2012); title from masthead.</subfield></datafield><datafield ind1=" " ind2=" " tag="588"><subfield code="a">Latest issue consulted: 88th year, no. 93 (Oct. 1, 2012).</subfield></datafield><datafield ind1=" " ind2="0" tag="651"><subfield code="a">New Orleans (La.)</subfield><subfield code="v">Newspapers.</subfield></datafield><datafield ind1=" " ind2="0" tag="651"><subfield code="a">Baton Rouge (La.)</subfield><subfield code="v">Newspapers.</subfield></datafield><datafield ind1=" " ind2="0" tag="651"><subfield code="a">East Baton Rouge Parish (La.)</subfield><subfield code="v">Newspapers.</subfield></datafield><datafield ind1=" " ind2="7" tag="655"><subfield code="a">Newspapers.</subfield><subfield code="2">fast</subfield><subfield code="0">(OCoLC)fst01423814</subfield></datafield><datafield ind1=" " ind2="7" tag="651"><subfield code="a">Louisiana</subfield><subfield code="z">Baton Rouge.</subfield><subfield code="2">fast</subfield><subfield code="0">(OCoLC)fst01205202</subfield></datafield><datafield ind1=" " ind2="7" tag="651"><subfield code="a">Louisiana</subfield><subfield code="z">East Baton Rouge Parish.</subfield><subfield code="2">fast</subfield><subfield code="0">(OCoLC)fst01220276</subfield></datafield><datafield ind1=" " ind2="7" tag="651"><subfield code="a">Louisiana</subfield><subfield code="z">New Orleans.</subfield><subfield code="2">fast</subfield><subfield code="0">(OCoLC)fst01204311</subfield></datafield><datafield ind1=" " ind2=" " tag="752"><subfield code="a">United States</subfield><subfield code="b">Louisiana</subfield><subfield code="c">East Baton Rouge</subfield><subfield code="d">Baton Rouge.</subfield></datafield><datafield ind1=" " ind2=" " tag="752"><subfield code="a">United States</subfield><subfield code="b">Louisiana</subfield><subfield code="d">New Orleans.</subfield></datafield><datafield ind1="1" ind2=" " tag="776"><subfield code="t">Advocate (Baton Rouge, La. : Online)</subfield><subfield code="w">(OCoLC)52335937</subfield></datafield></record>